@InBook{EIoT2Talk13,
  author = 	 { Mukhopadhyay, Subhas Chandra (Ed.)},
  ALTeditor = 	 {},
  title = 	 {Enabling Things to Talk},
  chapter = 	 {Introduction to the Internet of Things},
  publisher = 	 {Springer Berlin Heidelberg},
  year = 	 {2013},
  pages = 	 {1-10},
}

@InBook{CaSfIotPlatforms17,
  author = 	 {Keramidas, Georgios, Voros, Nikolaos, HÃ¼bner, Michael (Eds.)},
  title = 	 {Components and Services for IoT Platforms},
  chapter = 	 {Introduction to the Internet of Things},
  publisher = 	 {Springer Berlin Heidelberg},
  year = 	 {2013},
  pages = 	 {1-10},
}

@Inbook{Strohbach2016,
author="Strohbach, Martin
and Daubert, J{\"o}rg
and Ravkin, Herman
and Lischka, Mario",
editor="Cavanillas, Jos{\'e} Mar{\'i}a
and Curry, Edward
and Wahlster, Wolfgang",
title="Big Data Storage",
bookTitle="New Horizons for a Data-Driven Economy: A Roadmap for Usage and Exploitation of Big Data in Europe",
year="2016",
publisher="Springer International Publishing",
address="Cham",
pages="119--141",
isbn="978-3-319-21569-3",
doi="10.1007/978-3-319-21569-3_7",
url="http://dx.doi.org/10.1007/978-3-319-21569-3_7"
}

@Inbook{Shah2016,
author="Shah, Mohak",
editor="Japkowicz, Nathalie
and Stefanowski, Jerzy",
title="Big Data and the Internet of Things",
bookTitle="Big Data Analysis: New Algorithms for a New Society",
year="2016",
publisher="Springer International Publishing",
address="Cham",
pages="207--237",
isbn="978-3-319-26989-4",
doi="10.1007/978-3-319-26989-4_9",
url="http://dx.doi.org/10.1007/978-3-319-26989-4_9"
}

@Inbook{Ciobanu2014,
author="Ciobanu, Radu-Ioan
and Cristea, Valentin
and Dobre, Ciprian
and Pop, Florin",
editor="Bessis, Nik
and Dobre, Ciprian",
title="Big Data Platforms for the Internet of Things",
bookTitle="Big Data and Internet of Things: A Roadmap for Smart Environments",
year="2014",
publisher="Springer International Publishing",
address="Cham",
pages="3--34",
isbn="978-3-319-05029-4",
doi="10.1007/978-3-319-05029-4_1",
url="http://dx.doi.org/10.1007/978-3-319-05029-4_1"
}
