@Article{AlZewairi2017,
  author = {Al-Zewairi M., Biltawi M., Etaiwi W. and Shaout A.},
  title = {Agile Software Development Methodologies: Survey of Surveys},
  journal = {Journal of Computer anommunications},
  year = {2017},
  month = {5},
  pages = {74-97},
  doi = {10.4236/jcc.2017.55007},
  url = {https://doi.org/10.4236/jcc.2017.55007},
}

@Inbook{Hunt2006,
title="Agile Methods and the Agile Manifesto",
bookTitle="Agile Software Construction",
year="2006",
publisher="Springer London",
address="London",
pages="9--30",
abstract="In this chapter, you will be introduced to the concept, motivations, goals and principles behind the Agile Movement. You will also learn what the common features of all agile methods are. Following this, a brief review of a number of the core agile methods currently available will be presented, before a brief summary concludes the chapter.",
isbn="978-1-84628-262-1",
doi="10.1007/1-84628-262-4_2",
url="https://doi.org/10.1007/1-84628-262-4_2"
}

@Inbook{Hazzan2014,
author="Hazzan, Orit
and Dubinsky, Yael",
title="The Agile Manifesto",
bookTitle="Agile Anywhere: Essays on Agile Projects and Beyond",
year="2014",
publisher="Springer International Publishing",
address="Cham",
pages="9--14",
abstract="This chapter introduces the main ideas that form the basis for the agile approach. Originally, the agile approach offers a professional approach for software development that encompasses organizational and technological aspects of software development processes. The main ideas of agile software development processes were first introduced by the Agile Manifesto and second by presenting specific agile practices that enable agile teams to accomplish their development task on high quality. In the chapter, we present the Agile Manifesto as was published for software development and shows how it can be implemented for any projects.",
isbn="978-3-319-10157-6",
doi="10.1007/978-3-319-10157-6_3",
url="https://doi.org/10.1007/978-3-319-10157-6_3"
}

@techreport{agilemanifesto2001,
    author = {Beck, K. and Beedle, M. and van Bennekum, A. and Cockburn, A. and Cunningham, W. and Fowler, M. and Grenning, J. and Highsmith, J. and Hunt, A. and Jeffries, R. and Kern, Jon and Marick, Brian and Martin, Robert C. and Mallor, Steve and Shwaber, Ken and Sutherland, Jeff},
    institution = {The Agile Alliance},
    keywords = {657},
    posted-at = {2010-10-07 14:26:21},
    priority = {2},
    title = {The Agile Manifesto},
    year = {2001}
}